@BOOK
{
  Austin1962,
  AUTHOR="A. J. Austin",
  TITLE="How to Do Things with Words",
  EDITION="1st.",
  PUBLISHER="Harvaed University Press",
  ADDRESS="Cambridge, MA",
  YEAR="1962"  
}
